<record xmlns="http://www.loc.gov/MARC21/slim" xmlns:xsi="http://www.w3.org/2001/XMLSchema-instance" xsi:schemaLocation="http://www.loc.gov/MARC21/slim http://www.loc.gov/standards/marcxml/schema/MARC21slim.xsd"><leader>02167nam a2200373   4500</leader><controlfield tag="001">668867</controlfield><controlfield tag="003">NNC</controlfield><controlfield tag="006">m        d        </controlfield><controlfield tag="007">cr cn |||m|||a</controlfield><controlfield tag="008">150110s1970    iq cf   o     000 0bara d</controlfield><datafield ind1=" " ind2=" " tag="040"><subfield code="a">NNU</subfield><subfield code="b">eng</subfield><subfield code="c">NNU</subfield></datafield><datafield ind1=" " ind2="4" tag="050"><subfield code="a">PJ6024</subfield><subfield code="b">.J38 1970g</subfield></datafield><datafield ind1="0" ind2="0" tag="245"><subfield code="6">880-01</subfield><subfield code="a">Dhikra&#769; Mus&#803;t&#803;afa&#769; Jawa&#772;d</subfield><subfield code="h">[electronic resource] :</subfield><subfield code="b">Majmu&#772;&#699;at al-kalima&#772;t wa-al-qas&#803;a&#772;&#700;id allati&#772; ulqiyat fi&#772; al-dhikra&#769; al-arba&#699;i&#772;ni&#772;yah li-Mus&#803;t&#803;afa&#769; Jawa&#772;d fi&#772; 27-3-1970 /</subfield><subfield code="c">i&#699;da&#772;d Sa&#772;lim al-A&#772;lu&#772;si&#772;.</subfield></datafield><datafield ind1=" " ind2=" " tag="260"><subfield code="6">880-02</subfield><subfield code="a">Baghda&#772;d :</subfield><subfield code="b">Wiza&#772;rat al-I&#699;la&#772;m, Mudi&#772;ri&#772;yat al-Thaqa&#772;fah al-&#699;A&#772;mmah, Mat&#803;ba&#699;at al-H&#803;uku&#772;mah,</subfield><subfield code="c">1970.</subfield></datafield><datafield ind1=" " ind2=" " tag="300"><subfield code="a">online resource (95 p., [8] leaves of plates) :</subfield><subfield code="b">ports.</subfield></datafield><datafield ind1="1" ind2=" " tag="490"><subfield code="6">880-03</subfield><subfield code="a">Silsilat al-kutub al-h&#803;adi&#772;thah ;</subfield><subfield code="v">13</subfield></datafield><datafield ind1=" " ind2=" " tag="500"><subfield code="a">Part of the Arabic Collections Online (ACO) project, contributed by Columbia University Libraries.</subfield></datafield><datafield ind1=" " ind2=" " tag="533"><subfield code="a">Electronic reproduction.</subfield><subfield code="b">New York, N.Y. :</subfield><subfield code="c">New York University,</subfield><subfield code="d">2015.</subfield><subfield code="5">NNU</subfield></datafield><datafield ind1="1" ind2="0" tag="600"><subfield code="6">880-04</subfield><subfield code="a">Jawa&#772;d, Mus&#803;t&#803;afa&#769;,</subfield><subfield code="d">1905-1969.</subfield></datafield><datafield ind1="1" ind2="7" tag="600"><subfield code="a">Jawa&#772;d, Mus&#803;t&#803;afa&#769;,</subfield><subfield code="d">1905-1969.</subfield><subfield code="2">fast</subfield><subfield code="0">(OCoLC)fst00105931</subfield></datafield><datafield ind1="1" ind2=" " tag="700"><subfield code="6">880-05</subfield><subfield code="a">Alu&#772;si&#772;, Sa&#772;lim.</subfield></datafield><datafield ind1="2" ind2=" " tag="710"><subfield code="a">Columbia University.</subfield><subfield code="b">Libraries.</subfield></datafield><datafield ind1="0" ind2=" " tag="730"><subfield code="a">Arabic Collections Online.</subfield></datafield><datafield ind1="0" ind2="8" tag="776"><subfield code="i">Print version:</subfield><subfield code="t">Dhikra&#769; Mus&#803;t&#803;afa&#769; Jawa&#772;d</subfield><subfield code="w">(NNC)668867</subfield><subfield code="w">(OCoLC)50579256</subfield></datafield><datafield ind1=" " ind2="0" tag="830"><subfield code="6">880-06</subfield><subfield code="a">Silsilat al-kutub al-h&#803;adi&#772;thah ;</subfield><subfield code="v">13</subfield></datafield><datafield ind1="4" ind2="0" tag="856"><subfield code="u">http://hdl.handle.net/2333.1/8w9ghzwk</subfield></datafield><datafield ind1="1" ind2="0" tag="880"><subfield code="6">245-01/r</subfield><subfield code="a">&#1584;&#1603;&#1585;&#1609; &#1605;&#1589;&#1591;&#1601;&#1609; &#1580;&#1608;&#1575;&#1583; :</subfield><subfield code="b">&#1605;&#1580;&#1605;&#1608;&#1593;&#1577; &#1575;&#1604;&#1603;&#1604;&#1605;&#1575;&#1578; &#1608; &#1575;&#1604;&#1602;&#1589;&#1575;&#1574;&#1583; &#1575;&#1604;&#1578;&#1610; &#1571;&#1604;&#1602;&#1610;&#1578; &#1601;&#1610; &#1575;&#1604;&#1571;&#1585;&#1576;&#1593;&#1610;&#1606;&#1610;&#1577; &#1604;&#1605;&#1589;&#1591;&#1601;&#1609; &#1580;&#1608;&#1575;&#1583; &#1601;&#1610; 27-3-1970/</subfield><subfield code="c">&#1575;&#1593;&#1583;&#1575;&#1583; &#1587;&#1575;&#1604; &#1575;&#1604;&#1575;&#1604;&#1608;&#1587;&#1610;.</subfield></datafield><datafield ind1=" " ind2=" " tag="880"><subfield code="6">260-02/r</subfield><subfield code="a">&#1576;&#1594;&#1583;&#1575;&#1583; :</subfield><subfield code="b">&#1608;&#1586;&#1575;&#1585;&#1577; &#1575;&#1604;&#1573;&#1593;&#1604;&#1575;&#1605;&#1548; &#1605;&#1583;&#1610;&#1585;&#1610;&#1577; &#1575;&#1604;&#1579;&#1602;&#1575;&#1601;&#1577; &#1575;&#1604;&#1593;&#1575;&#1605;&#1577;&#1548; &#1605;&#1591;&#1576;&#1593;&#1577; &#1575;&#1604;&#1581;&#1603;&#1608;&#1605;&#1577;&#1548;</subfield><subfield code="c">1970.</subfield></datafield><datafield ind1="0" ind2=" " tag="880"><subfield code="6">490-03/r</subfield><subfield code="a">&#1587;&#1604;&#1587;&#1604;&#1577; &#1575;&#1604;&#1603;&#1578;&#1576; &#1575;&#1604;&#1581;&#1583;&#1610;&#1579;&#1577; &#1563;</subfield><subfield code="v">13</subfield></datafield><datafield ind1="1" ind2="4" tag="880"><subfield code="6">600-04/r</subfield><subfield code="a">&#1580;&#1608;&#1575;&#1583;&#1548; &#1605;&#1589;&#1591;&#1601;&#1609;.</subfield></datafield><datafield ind1="1" ind2=" " tag="880"><subfield code="6">700-05/r</subfield><subfield code="a">&#1571;&#1604;&#1608;&#1587;&#1610;&#1548; &#1587;&#1575;&#1604;&#1605;.</subfield></datafield><datafield ind1=" " ind2="0" tag="880"><subfield code="6">830-06/r</subfield><subfield code="a">&#1587;&#1604;&#1587;&#1604;&#1577; &#1575;&#1604;&#1603;&#1578;&#1576; &#1575;&#1604;&#1581;&#1583;&#1610;&#1579;&#1577; &#1563;</subfield><subfield code="v">13</subfield></datafield><datafield ind1=" " ind2=" " tag="959"><subfield code="a">NNU</subfield><subfield code="b">WEB</subfield><subfield code="c">GENI</subfield><subfield code="t">0</subfield><subfield code="m">Electronic access</subfield><subfield code="s">01</subfield></datafield><datafield ind1=" " ind2=" " tag="999"><subfield code="i">NNC_668867</subfield><subfield code="o">(OCoLC)50579256</subfield></datafield></record>